<record><leader>00000cas a2200000 a 4500</leader><controlfield tag="001">2258337</controlfield><controlfield tag="008">760620d19691972ilu x n       0   a0eng c</controlfield><datafield ind1=" " ind2=" " tag="010"><subfield code="a">sn 93023928 </subfield></datafield><datafield ind1=" " ind2=" " tag="040"><subfield code="a">PIT</subfield><subfield code="b">eng</subfield><subfield code="c">PIT</subfield><subfield code="d">MUL</subfield><subfield code="d">EYM</subfield><subfield code="d">NYS</subfield><subfield code="d">OCLCQ</subfield><subfield code="d">OCLCF</subfield><subfield code="d">OCLCO</subfield><subfield code="d">OCL</subfield></datafield><datafield ind1=" " ind2=" " tag="012"><subfield code="i">9312</subfield></datafield><datafield ind1=" " ind2=" " tag="042"><subfield code="a">pcc</subfield></datafield><datafield ind1=" " ind2=" " tag="043"><subfield code="a">n-us-il</subfield></datafield><datafield ind1=" " ind2=" " tag="090"><subfield code="a">AP2</subfield><subfield code="b">.B583</subfield></datafield><datafield ind1="0" ind2="0" tag="245"><subfield code="a">Big muddy gazette.</subfield></datafield><datafield ind1="1" ind2="3" tag="246"><subfield code="a">Carbondale big muddy gazette</subfield></datafield><datafield ind1="1" ind2="3" tag="246"><subfield code="a">BMG</subfield></datafield><datafield ind1="3" ind2="0" tag="246"><subfield code="a">B.M.G.</subfield></datafield><datafield ind1="3" ind2="0" tag="246"><subfield code="a">Muddy</subfield></datafield><datafield ind1=" " ind2=" " tag="260"><subfield code="a">Carbondale, Ill. :</subfield><subfield code="b">Muddy Tribe and Friends</subfield></datafield><datafield ind1=" " ind2=" " tag="300"><subfield code="a">v. :</subfield><subfield code="b">ill.</subfield></datafield><datafield ind1=" " ind2=" " tag="310"><subfield code="a">Irregular</subfield></datafield><datafield ind1="1" ind2=" " tag="362"><subfield code="a">Began with v. 1, published in 1969.</subfield></datafield><datafield ind1="0" ind2=" " tag="362"><subfield code="a">-v. 4, no. 9(Apr. 21-May 3, 1972).</subfield></datafield><datafield ind1=" " ind2=" " tag="500"><subfield code="a">"If we ain't got news, we'll make it!," &lt;1971&gt;.</subfield></datafield><datafield ind1=" " ind2=" " tag="500"><subfield code="a">"If we ain't got news, you didn't make it!," &lt;1971&gt;</subfield></datafield><datafield ind1=" " ind2=" " tag="530"><subfield code="a">Available on microfilm from UMI (Underground newspaper collection) and State Historical Society of Wisconsin.</subfield></datafield><datafield ind1=" " ind2=" " tag="588"><subfield code="a">Description based on: Vol. 3, no. 14 (July 21-Aug. 3, 1971); title from cover.</subfield></datafield><datafield ind1=" " ind2="0" tag="650"><subfield code="a">Underground press publications</subfield><subfield code="z">Illinois</subfield><subfield code="z">Carbondale.</subfield></datafield><datafield ind1=" " ind2="0" tag="650"><subfield code="a">Vietnam War, 1961-1975</subfield><subfield code="x">Protest movements</subfield><subfield code="z">Illinois</subfield><subfield code="z">Carbondale</subfield><subfield code="v">Newspapers.</subfield></datafield><datafield ind1=" " ind2="0" tag="651"><subfield code="a">Carbondale (Ill.)</subfield><subfield code="x">Popular culture</subfield><subfield code="v">Newspapers.</subfield></datafield><datafield ind1=" " ind2="0" tag="651"><subfield code="a">Jackson County (Ill.)</subfield><subfield code="v">Newspapers.</subfield></datafield><datafield ind1="2" ind2="7" tag="611"><subfield code="a">Vietnam War (1961-1975)</subfield><subfield code="2">fast</subfield><subfield code="0">(OCoLC)fst01431664</subfield></datafield><datafield ind1=" " ind2="7" tag="650"><subfield code="a">Popular culture.</subfield><subfield code="2">fast</subfield><subfield code="0">(OCoLC)fst01071344</subfield></datafield><datafield ind1=" " ind2="7" tag="650"><subfield code="a">Protest movements.</subfield><subfield code="2">fast</subfield><subfield code="0">(OCoLC)fst01079826</subfield></datafield><datafield ind1=" " ind2="7" tag="650"><subfield code="a">Underground press publications.</subfield><subfield code="2">fast</subfield><subfield code="0">(OCoLC)fst01160984</subfield></datafield><datafield ind1=" " ind2="7" tag="651"><subfield code="a">Illinois</subfield><subfield code="z">Carbondale.</subfield><subfield code="2">fast</subfield><subfield code="0">(OCoLC)fst01206446</subfield></datafield><datafield ind1=" " ind2="7" tag="651"><subfield code="a">Illinois</subfield><subfield code="z">Jackson County.</subfield><subfield code="2">fast</subfield><subfield code="0">(OCoLC)fst01207037</subfield></datafield><datafield ind1=" " ind2="7" tag="648"><subfield code="a">1961-1975</subfield><subfield code="2">fast</subfield></datafield><datafield ind1=" " ind2="7" tag="655"><subfield code="a">Newspapers.</subfield><subfield code="2">fast</subfield><subfield code="0">(OCoLC)fst01423814</subfield></datafield><datafield ind1=" " ind2=" " tag="752"><subfield code="a">United States</subfield><subfield code="b">Illinois</subfield><subfield code="c">Jackson</subfield><subfield code="d">Carbondale.</subfield></datafield><datafield ind1="1" ind2=" " tag="776"><subfield code="t">Big muddy gazette</subfield><subfield code="w">(OCoLC)12874315</subfield></datafield><datafield ind1="0" ind2=" " tag="776"><subfield code="c">Microfilm</subfield><subfield code="d">UMI</subfield><subfield code="k">Underground newspaper collection</subfield><subfield code="k">Underground press collection</subfield><subfield code="w">(OCoLC)42316813</subfield></datafield><datafield ind1="0" ind2="0" tag="785"><subfield code="t">All-American rag</subfield><subfield code="w">(OCoLC)13553597</subfield></datafield><datafield ind1=" " ind2=" " tag="850"><subfield code="a">MiU</subfield></datafield><datafield ind1="1" ind2=" " tag="029"><subfield code="a">AU@</subfield><subfield code="b">000010737198</subfield></datafield></record>